% Encoding: UTF-8

@Book{Book,
  title     = {Introduction to the Calculus of Variations},
  publisher = {Imperial College Press},
  year      = {2004},
  author    = {Bernard Dacorogna},
  address   = {Distributed by World Scientific},
}